%% This BibTeX bibliography file was created using BibDesk.
%% http://bibdesk.sourceforge.net/

%% Created for Leonel Gonzalez Vidales at 2017-10-09 18:48:00 -0500


%% Saved with string encoding Unicode (UTF-8)

%% This BibTeX bibliography file was created using BibDesk.
%% http://bibdesk.sourceforge.net/

%% Created for Leonel Gonzalez Vidales at 2017-10-09 18:48:00 -0500


%% Saved with string encoding Unicode (UTF-8) 


@book{lexicos,
	Author = {Gelbukh, A., and Sidorov, G.},
	Date-Added = {2016-12-26 19:11:00 +0000},
	Date-Modified = {2016-12-26 19:12:41 +0000},
	Publisher = {M{\'e}xico: Instituto Polit{\'e}cnico Nacional},
	Title = {Procesamiento autom{\'a}tico del espa{\~n}ol con enfoque en recursos l{\'e}xicos grandes},
	Year = {2006}}

@article{eletutor,
	Author = {Ferreira, A., and Kotz, G.},
	Date-Added = {2016-08-18 22:06:11 +0000},
	Date-Modified = {2016-08-18 22:07:14 +0000},
	Journal = {Revista signos},
	Pages = {211-236},
	Volume = {43},
	Number = {73},
	Title = {ELE-Tutor Inteligente: Un analizador computacional para el tratamiento de errores gramaticales en Espa{\~n}ol como Lengua Extranjera},
	Year = {2010}}

@misc{pln,
	Author = {Alberich, M.},
	Date-Added = {2016-08-18 22:03:55 +0000},
	Date-Modified = {2016-08-18 22:05:19 +0000},
	Lastchecked = {2016-05-29},
	Title = {Procesamiento del Lenguaje Natural - Gu{\'\i}a introductoria},
	Urldate = {2007-09-24},
	Year = {2007},
	note = {Recuperado el 19 de mayo de 2016, de Sopa de bits: http://www.sopadebits.com/wp-content/uploads/2011/03/4479-pln-1.0-20070630.pdf}
}
