%% This BibTeX bibliography file was created using BibDesk.
%% http://bibdesk.sourceforge.net/

%% Created for Leonel Gonzalez Vidales at 2016-08-20 22:48:00 -0500


%% Saved with string encoding Unicode (UTF-8)

%% This BibTeX bibliography file was created using BibDesk.
%% http://bibdesk.sourceforge.net/

%% Created for Leonel Gonzalez Vidales at 2016-12-26 13:13:18 -0600 


%% Saved with string encoding Unicode (UTF-8) 



@book{lexicos,
	Author = {Gelbukh, A., and Sidorov, G.},
	Date-Added = {2016-12-26 19:11:00 +0000},
	Date-Modified = {2016-12-26 19:12:41 +0000},
	Publisher = {M{\'e}xico: Instituto Polit{\'e}cnico Nacional},
	Title = {Procesamiento autom{\'a}tico del espa{\~n}ol con enfoque en recursos l{\'e}xicos grandes},
	Year = {2006}}

@article{eletutor,
	Author = {Ferreira, A., and Kotz, G.},
	Date-Added = {2016-08-18 22:06:11 +0000},
	Date-Modified = {2016-08-18 22:07:14 +0000},
	Journal = {Revista signos},
	Pages = {211-236},
	Volume = {43},
	Number = {73},
	Title = {ELE-Tutor Inteligente: Un analizador computacional para el tratamiento de errores gramaticales en Espa{\~n}ol como Lengua Extranjera},
	Year = {2010}}

@misc{pln,
	Author = {Alberich, M.},
	Date-Added = {2016-08-18 22:03:55 +0000},
	Date-Modified = {2016-08-18 22:05:19 +0000},
	Lastchecked = {2016-05-29},
	Title = {Procesamiento del Lenguaje Natural - Gu{\'\i}a introductoria},
	Urldate = {2007-09-24},
	Year = {2007},
	note = {Recuperado el 19 de mayo de 2016, de Sopa de bits: http://www.sopadebits.com/wp-content/uploads/2011/03/4479-pln-1.0-20070630.pdf}
}

@article{estilo,
	Author = {M. Oliva and M. Serrano},
	Date-Added = {2016-08-18 22:11:58 +0000},
	Date-Modified = {2016-08-18 22:12:43 +0000},
	Journal = {Sociolinguistic Studies},
	Pages = {},
	Volume = {},
	Number = {},
	Title = {Las bases cognitivas del estilo ling{\"u}{\'\i}stico},
	Year = {2010}}

@book{rae2010,
	Author = {RAE},
	Date-Added = {2016-12-26 19:11:00 +0000},
	Date-Modified = {2016-12-26 19:12:41 +0000},
	Publisher = {Espasa Libros, S. L. U.},
	Title = {Manual de la nueva gramatica espa{\~n}ola},
	Year = {2010}}

@article{chomsky,
	Author = {Aguilar-Alconchel, M.},
	Date-Added = {2016-08-18 22:06:11 +0000},
	Date-Modified = {2016-08-18 22:07:14 +0000},
	Journal = {Investigaci{\'o}n y educaci{\'o}n},
	Pages = {1-7},
	Title = {Chomsky La gram{\'a}tica generativa},
	Year = {2004}}

@article{tipostexto,
	Author = {Fern{\'a}ndez Fastuca, L., and Bressia, R.},
	Date-Added = {2016-08-18 22:06:11 +0000},
	Date-Modified = {2016-08-18 22:07:14 +0000},
	Journal = {},
	Pages = {1-15},
	Volume = {},
	Number = {},
	Title = {Definiciones y caracter{\'i}sticas de los principales tipos de texto},
	Year = {2009}}

@book{curso2010,
	Author = {Gut{\'i}errez Araus, Ma Luz and Chac{\'o}n Berruga, Teudiselo and Cuesta Mart{\'i}nez , Paloma and Esgueva Mart{\'i}nez, Manuel and Garc{\'i}a-Macho, Mar{\'i}a Lourdes and Garc{\'i}a-Page S{\'a}nchez, Mario and G{\'o}mez Manzano, Pilar and Mart{\'i}nez Mart{\'i}n , F. Miguel},
	Date-Added = {2016-12-26 19:11:00 +0000},
	Date-Modified = {2016-12-26 19:12:41 +0000},
	Publisher = {Centro de estudios Ram{\'o}n Areces, S.A.},
	Title = {Curso b{\'a}sico de lengua espa{\~n}ola},
	Year = {2010}}

@misc{valera,
	Author = {Valera, J.},
	Date-Added = {2016-08-18 22:03:55 +0000},
	Date-Modified = {2016-08-18 22:05:19 +0000},
	Lastchecked = {2016-05-5},
	Title = {Venelogia},
	Urldate = {2013-09-9},
	Year = {2013},
	note = {Recuperado el 5 de mayo de 2016, de Venelogia: http://www.venelogia.com/archivos/7882/}
}

